@online{examplesite,
  author = {John Doe},
  title = {Code of the future},
  year = {2015},
  url = {\url{http://johndoe.com}}
}

@online{examplesite2,
  author = {Pekka möttönen},
  title = {Kuinka päästä belgiaan},
  year = {2016},
  url = {http://pekkonen.com}
}